
@book{introfluid, 	
	author = "T.J. Pedley",
	title = "Introduction to Fluid Dynamics",
	publisher = "Department of Applied Mathematics and Theoretical Physics, University of Cambridge",
	address = "Silver St., Cambridge CB3 9EW, U.K.",
	year = "1997",
}

@book{introfluid2,
	author = "G. K. Bachelor",
	title = "An Introduction to Fluid Dynamics",
	year = "1967",
	publisher = "Cambridge University Press",
	note  = "page 212 is definition of Reynolds Nunber, page 233 is Stokes Law"
}

@book{introfluid3,
	author = "Stephen Childress",
	title = "An Introduction to Theoretical Fluid Dynamics",
	year = "2008",
	publisher = "Cambridge University Press",
	note  = "page 117 Starts the discussion of time reversibility of Stokes' Flow",
	url   = "www.math.nyu.edu/faculty/childres/fluidsbook.pdf"	
}

@book{introchaos,
	author = "H. G. Schuster",
	title = "Deterministic Chaos, an introduction",
	edition = "fourth edition"
	year = "2005",
	publisher = "Wiley VCH Verlag",
	note  = "page 136 begins discussion on winding number",
	url   = "http://goo.gl/A1Dbl8"
}

@misc{Euler,
    author = {James Diebel},
    title = {Representing Attitude: Euler Angles, Unit Quaternions, and Rotation Vectors},
    year = {2006}
    url = {fpt://sbai2009.ene.unb.br/Projects/GPS-IMU/George/arquivos/Bibliografia/79.pdf}
}
% works
@article{Einstein,
    author    = "Albert Einstein",
    title     = "A NEW DETERMINATION OF MOLECULAR DIMENSIONS",
    journal   = "Annalen der Physik",
    %volume   = "",
    number   = "19",
    pages    = "289-306",
    year      = "1906",
}

% works
@article{Jeffery,
    author    = "G. B. Jeffery",
    title     = "The Motion of Ellipsoidal Particles Immersed in a Viscous Fluid",
    journal   = "Proceedings of the Royal Society A",
    volume   = "102",
    %number   = "19",
    pages    = "161-179",
    year      = "1922",
}


@article{JonasExperiment,
    author    = "Jonas Einarsson and others",
    title     = "Periodic and aperiodic tumbling of microrods advected in a microchannel flow",
    journal   = "Acta Mechanica",
    publisher="Springer Vienna",
    year      = "2013",
    issn="0001-5970",
    doi="10.1007/s00707-013-0924-0",
    pages="1-9",
    language="English",
}

@article{Mishra,
    author    = "Y. N. Mishra and Jonas Einarsson and others",
    title     = "A microfluidic device for studies of the orientational dynamics of microrods",
    journal   = "Proc. SPIE",
	volume = "8251",
	pages = 2825109-825109-11",
    year      = "2012",
    url = "http://dx.doi.org/10.1117/12.915871"
}

@article{Mason,
    author    = "H. L. Goldsmith and S. G. Mason",
    title     = "The flow of suspensions through tubes I. single spheres, rods, and discs",
    journal   = "Jounrla of colloid science",
    year      = "1962",
    number	  = "17"
    pages	  ="448-476",
    language  ="English",
}

@article{Petrie,
    author    = "Christopher J. S. Petrie",
    title     = "The rheology of fiber suspensions",
    journal   = "J. of non-newtonian fluid mechanics",
    volume   = "87",
    %number   = "19",
    pages    = "369-402",
    year      = "1999",
}
	

% works
@article{Yarin,
	author    = "A. L. Yarin and O. Gottlieb and I. V. Roisman",
	title     = "Chaotic rotation of triaxial ellipsoids in simple shear flow",
	journal   = "J. Fluid Mech",
    volume   = "vol 340",
    pages    = "83-100",
    year      = "1997",
}

% works
@article{Leal,
    author    = "E. J. Hinch and L. G. Leal",
    title     = "Rotation of small non-axissymmetrical particles in a simple shear flow",
    journal   = "J. Fluid Mech",
    volume    = "92",
    pages     = "591-608",
    year      = "1979",
}

% does not work
@article{Chaffey,
	author 	 	= "Gierszewski, Paul J. and Chaffey, Charles E.",
	title 		= "Rotation of an isolated triaxial ellipsoid suspended in slow viscous flow",
	journal 	= "Canadian Journal of Physics",
	volume 		= "56",
	number 		= "1",
	pages 		= "6-11",
	year 		= "1978",
}

% works
@article{Tolga,
	author 	 	= "T. Kaya and H. Koser",
	title 		= "Characterization of Hydrodynamic Surface Interactions of Escherichia coli Cell Bodies in Shear Flow",
	journal 	= "Phys. Rev. Lett.",
	volume 		= "103",
	issue 		= "13",
  	pages 		= "138103",
	year 		= "2009",
}

@article{fibersspension,
	author 		= "O.G. Harlen and D.L. Koch", 
	title 		= "Orientational drift of a fibre suspended in a dilute polymer solution during oscillatory shear flow",
	journal 	= "J. Non-Newtonian Fluid Mech.",
	volume 		= "73",
	year		= "1997",
	pages		= "81–93."
}

@article{geology,
title = "Rotation of uniaxial ellipsoidal particles during simple shear revisited: the influence of elongation ratio, initial distribution of a multiparticle system and amount of shear in the acquisition of a stable orientation ",
journal = "Journal of Structural Geology ",
volume = "26",
number = "11",
pages = "2073 - 2087",
year = "2004",
note = "",
url = "http://www.sciencedirect.com/science/article/pii/S0191814104000690",
author = "E. Cañón-Tapia and M.J. Chávez-Álvarez",
}


@mastersthesis{alexanderThesis,
    author    = "Alexander Laas",
    title     = "A study of periodic and quasi-periodic motion of microrods in a shear flow using optical tweezers",
    school    = "Chalmers University of Technology",
    type     = "MSc thesis",
    %address  = "",
    year      = "2013",
    %month    = "",
    %note     = "",
}


@mastersthesis{AntonThesis,
    author    = "Anton Johansson",
    title     = "Analysis of empirical data on the tumbling of microrods in a shear flow",
    school    = "Chalmers Univeristy of Technology",
    year      = "2012",
}


@mastersthesis{JonasThesis,
    author    = "Jonas Einarsson",
    title     = "Low Reynolds Number Particle Dynamics",
    school    = "Chalmers Univeristy of Technology",
    %type     = "diploma thesis",
    year      = "2011",
}

@phdthesis{JonasLic,
author = "Jonas Einarsson",
title = "Orientational dynamics of small non-spherical particles in fluid flows",
school = "Gothenburg University",
year = "2013",
type = "Licentiate Thesis",
}


@misc{SurfaceOfSection,
    author    = "Frank C.{\ }van{\ }den{\ }Bosch",
    title     = "lecture 1: Surfaces of Section",
    howpublished = "Online material for course",
    %year     = "XXXX",
}

@article{SMTDensity,
title = "Density, sound velocity and viscosity properties of aqueous sodium metatungstate solutions and an application of these solutions in heavy mineral separations ",
journal = "Chemical Geology ",
volume = "264",
number = "1–4",
pages = "96 - 100",
year = "2009",
note = "",
issn = "0009-2541",
doi = "http://dx.doi.org/10.1016/j.chemgeo.2009.02.016",
url = "http://www.sciencedirect.com/science/article/pii/S0009254109001053",
author = "Melike Sahin and Korhan Ayranci and Erdal Kosun and Erol Ayranci",
}

@article{Canny, 
author="Canny, John", 
journal="Pattern Analysis and Machine Intelligence, IEEE Transactions on", 
title="A Computational Approach to Edge Detection", 
year="1986", 
volume="PAMI-8", 
number="6", 
pages="679-698", 
}

@inproceedings{EllipseFit,
  title="Reconstruction of spheres using occluding contours from stereo images",
  author="Wijewickrema, Sudanthi NR and Paplinski, Andrew P and Esson, Charles E",
  booktitle="Pattern Recognition, 2006. ICPR 2006. 18th International Conference on",
  volume="1",
  pages="151--154",
  year="2006",
  organization="IEEE"
}

@misc{glycerolproperties,
title= "Physical properties of glycerine and its solutions",
author=""American cleaning institute science department",S
howpublished="\url{www.aciscience.org/docs/physical_properties_of_glycerine_and_its_solutions.pdf}"
}

@misc{Particles,
title = "Gap Spacers for {LCDs}: Microrods",
author="Nippon{\ }Electrical{\ }Glass{\ }Co",
howpublished="\url{www.neg.co.jp/epd/elm/e_prd/other/others_01.pdf}"
}

@misc{lowReynoldsm,
title = "Low Reynolds Number Flows",
author = "S. H. Lam",
year="2004",
url="www.princeton.edu/~lam/LowRe.pdf"
}

@misc{eulerAngles,
title = {Euler Angles},
author = {Weisstein Eric W},
year={2013},
note     = {From MathWorld--A Wolfram Web Resource.},
url={http://mathworld.wolfram.com/EulerAngles.html}
}

@misc{poincare,
title = "Poincare Map",
author = "Joakim Munkhammar",
year="2013",
url="mathworld.wolfram.com/PoincareMap.html"
}


@misc{PDMS,
title = "Fabrication of {PDMS} Microfluidic Channels",
misc = "The Carolina Workshop on Force Measurement and Manipulation in Biological Microscopy",
year="2010",
url="cismm.cs.unc.edu/wp-content/uploads/2011/03/MicrofluidicsLab.2010.pdf"
}

@misc{OpticalTweezer,
title = "Optical Tweezers An Introduction",
author = "Block Lab at Stanford",
url="www.stanford.edu/group/blocklab/Optical%20Tweezers%20Introduction.htm"
}

